@article{breiman,
    author={Breiman,L.},
    month={October},
    year={2001},
    title={Random Forests},
    journal={Machine Learning},
    volume={45},
    number={1},
    pages={5-32},
    doi={https://10.1023/A:1010933404324}
}

@article{kotsiantis,
    author={Kotsiantis,S. B.},
    year={2007},    
    title={Supervised machine learning: A review of classification techniques},
    journal={Informatica (Ljubljana)},
    volume={31},
    number={3},
    pages={249-268},
    doi={https://10.1007/s10462-007-9052-3}
}

@book{EsriArcGisBook,
 author = {Ormsby, Tim and Napoleon, Eileen J. and Burke, Robert and Groessl, Carolyn and Bowden, Laura},
 title = {Getting to Know ArcGIS Desktop},
 year = {2010},
 isbn = {1589482603, 9781589482609},
 publisher = {Esri Press},
}

@article{zaksek,
    author = {Zaksek, Klemen and Oštir, Krištof and Kokalj, Ziga},
    year = {2011},
    month = {12},
    pages = {},
    title = {Sky-View Factor as a Relief Visualization Technique},
    volume = {3},
    journal = {Remote Sensing},
    doi={https://10.3390/rs3020398}
}

@book{flach,
    author={Peter Flach},
    title={Machine Learning: The Art and Science of Algorithms that Make Sense of Data},
    year={2012},
    publisher={Cambridge University Press},
    address={Cambridge, United Kingdom},
    doi={https://10.1017/CBO9780511973000}
}

@inproceedings{whiteboxtools,
    author = {Lindsay, John},
    year = {2014},
    month = {04},
    pages = {},
    title = {The Whitebox Geospatial Analysis Tools project and open-access GIS}
}

@article{roelens,
    author={Roelens,J. and H\"ofle,B. and Dondeyne,S. and Van Orshoven,J. and Diels,J.},
    year={2018},
    title={Drainage ditch extraction from airborne LiDAR point clouds},
    journal={ISPRS Journal of Photogrammetry and Remote Sensing},
    volume={146},
    pages={409-420},
    doi={https://10.1016/j.isprsjprs.2018.10.014}
}

@article{gini,
    author={Menze,B. H. and Kelm,B. M. and Masuch,R. and Himmelreich,U. and Bachert,P. and Petrich,W. and Hamprecht,F. A.},
    year={2009},
    title={A comparison of random forest and its Gini importance with standard chemometric methods for the feature selection and classification of spectral data},
    journal={BMC Bioinformatics},
    volume={10},
    doi={https://10.1186/1471-2105-10-213}
}

@thesis{uppsala,
    author={Gustavsson, A. and Selberg, M.},
    year={2018},
    title={Delineation of Ditches in Wetlands by Remote Sensing},
    type={Unpublished bachelor's thesis},
    school={Uppsala University, Uppsala, Sweden},
    url={http://www.diva-portal.org/smash/get/diva2:1221962/FULLTEXT01.pdf}
}

@article{scikit-learn,
    title={Scikit-learn: Machine Learning in Python},
    author={Pedregosa, F. and Varoquaux, G. and Gramfort, A. and Michel, V.
         and Thirion, B. and Grisel, O. and Blondel, M. and Prettenhofer, P.
         and Weiss, R. and Dubourg, V. and Vanderplas, J. and Passos, A. and
         Cournapeau, D. and Brucher, M. and Perrot, M. and Duchesnay, E.},
    journal={Journal of Machine Learning Research},
    volume={12},
    pages={2825--2830},
    year={2011},
    url={http://www.jmlr.org/papers/volume12/pedregosa11a/pedregosa11a.pdf}
}

@inproceedings{balanced,
    author={Spelmen,V. S. and Porkodi,R.},
    year={2018},
    title={A Review on Handling Imbalanced Data},
    booktitle={{Proceedings of the 2018 International Conference on Current Trends towards Converging Technologies, ICCTCT 2018}},
    doi={https://10.1109/ICCTCT.2018.8551020}
}

@article{kappa123,
    author={Sim,J. and Wright,C. C.},
    year={2005},
    title={The kappa statistic in reliability studies: Use, interpretation, and sample size requirements},
    journal={Physical Therapy},
    volume={85},
    number={3},
    pages={257-268},
    doi={https://10.1093/ptj/85.3.257}
}

@article{kappaanalysis,
    author={Landis,J. R. and Koch,G. G.},
    year={1977},
    title={The measurement of observer agreement for categorical data},
    journal={Biometrics},
    volume={33},
    number={1},
    pages={159-174},
    doi={https://10.2307/2529310}
}

@inproceedings{ho,
    author={Ho, T. K.},
    year={1995},
    title={Random decision forests},
    booktitle={Proceedings of the International Conference on Document Analysis and Recognition, ICDAR},
    volume={1},
    pages={278-282},
    doi={https://10.1109/ICDAR.1995.598994}
}

@article{precision_recall_curve,
    author={Fu,G. -. and Yi,L. -. and Pan,J.},
    year={2019},
    title={Tuning model parameters in class-imbalanced learning with precision-recall curve},
    journal={Biometrical Journal},
    volume={61},
    number={3},
    pages={652-664},
    doi={https://10.1002/bimj.201800148}
}

@article{gabor,
    author={Hong,L. and Wan,Y. and Jain,A.},
    year={1998},
    title={Fingerprint image enhancement: Algorithm and performance evaluation},
    journal={IEEE Transactions on Pattern Analysis and Machine Intelligence},
    volume={20},
    number={8},
    pages={777-789}
}

@article{crossvalidation,
    author={Wong,T.},
    year={2015},
    title={Performance evaluation of classification algorithms by k-fold and leave-one-out cross validation},
    journal={Pattern Recognition},
    volume={48},
    number={9},
    pages={2839-2846}
}

@inproceedings{lavesson,
    author={Lavesson,N. and Davidsson,P.},
    year={2006},
    title={Quantifying the impact of learning algorithm parameter tuning},
    booktitle={Proceedings of the National Conference on Artificial Intelligence},
    volume={1},
    pages={395-400}
}

@article{bailly,
    author={Bailly,J. S. and Lagacherie,P. and Millier,C. and Puech,C. and Kosuth,P.},
    year={2008},
    title={Agrarian landscapes linear features detection from LiDAR: Application to artificial drainage networks},
    journal={International Journal of Remote Sensing},
    volume={29},
    number={12},
    pages={3489-3508}
}

@article{hasselquist,
    author={Hasselquist,E. M. and Lidberg,W. and Sponseller,R. A. and {\AA}gren,A. and Laudon,H.},
    year={2018},
    title={Identifying and assessing the potential hydrological function of past artificial forest drainage},
    journal={Ambio},
    volume={47},
    number={5},
    pages={546-556}
}

@article{krycklancatchment,
    author = {Laudon, Hjalmar and Taberman, Ida and {\AA}gren, Anneli and Futter, Martyn and Ottosson-Löfvenius, Mikaell and Bishop, Kevin},
    title = {The Krycklan Catchment Study - A flagship infrastructure for hydrology, biogeochemistry, and climate research in the boreal landscape},
    journal = {Water Resources Research},
    volume = {49},
    number = {10},
    pages = {7154-7158},
    year = {2013}
}

@book{peatlands,
    author = {Rydin, H{\aa}kan and Jeglum, John},
    year = {2013},
    month = {01},
    pages = {},
    title = {The biology of peatlands, second edition.},
    isbn = {978-0-19-960300-8 (pbk)}
}

@article{passalacqua,
    author={Passalacqua,P. and Belmont,P. and Foufoula-Georgiou,E.},
    year={2012},
    title={Automatic geomorphic feature extraction from lidar in flat and engineered landscapes},
    journal={Water Resources Research},
    volume={48},
    number={3}
}

@book{paivanen,
    author={P{\"a}iv{\"a}nen, Juhani and H{\aa}nell, Bj{\"o}rn},
    title={Peatland ecology and forestry : a sound approach},
    publisher={University of Helsinki, Department of Forest Sciences},
    address={Helsinki},
    year={2012},
    ISBN={9789521045318},
}

@article{lindsay,
    author = {Lindsay, John},
    year = {2015},
    month = {12},
    pages = {658–668},
    title = {The practice of DEM stream burning revisited},
    volume = {2016},
    journal = {Earth Surface Processes and Landforms},
    doi = {10.1002/esp.3888}
}

@article{mappingtemporal,
    author={{\AA}gren,A. M. and Lidberg,W. and Ring,E.},
    year={2015},
    title={Mapping temporal dynamics in a forest stream network-implications for riparian forest management},
    journal={Forests},
    volume={6},
    number={9},
    pages={2982-3001}
}

@article{sikstrom,
    author={Sikstr\"om,U. and H\"okk\"a,H.},
    year={2016},
    title={Interactions between soil water conditions and forest stands in boreal forests with implications for ditch network maintenance},
    journal={Silva Fennica},
    volume={50},
    number={1}
}

@article{price,
    author={Price,J. S. and Heathwaite,A. L. and Baird,A. J.},
    year={2003},
    title={Hydrological processes in abandoned and restored peatlands: An overview of management approaches},
    journal={Wetlands Ecology and Management},
    volume={11},
    number={1-2},
    pages={65-83}
}

@article{koivusalo,
    author={Koivusalo,H. and Ahti,E. and Laurén,A. and Kokkonen,T. and Karvonen,T. and Nevalainen,R. and Finér,L.},
    year={2008},
    title={Impacts of ditch cleaning on hydrological processes in a drained peatland forest},
    journal={Hydrology and Earth System Sciences},
    volume={12},
    number={5},
    pages={1211-1227}
}

@article{silins,
    author={Silins,U. and Rothwell,R. L.},
    year={1998},
    title={Forest peatland drainage and subsidence affect soil water retention and transport properties in an Alberta Peatland},
    journal={Soil Science Society of America Journal},
    volume={62},
    number={4},
    pages={1048-1056}
}

@article{heikurainen,
    author={Heikurainen,L.},
    year={1957},
    title={Changes in depth and top width of forest ditches and the maintaining of their repair},
    journal={Acta Forestalia Fennica},
    volume={65},
    pages={1-45},
    note={In Finnish, English summary}
}

@article{rapinel,
    author = {Rapinel, S. and Hubert-Moy, L. and Clément, B. and Nabucet, J. and Cudennec, C.},
    title = {Ditch network extraction and hydrogeomorphological characterization using LiDAR-derived DTM in wetlands},
    journal = {Hydrology Research},
    volume = {46},
    number = {2},
    pages = {276-290},
    year = {2013},
    month = {06}
}

@article{kiss,
    author = {Kiss, Katalin and Malinen, Jukka and Tokola, Timo},
    year = {2015},
    month = {07},
    pages = {150729143435003},
    title = {Forest road quality control using ALS data},
    volume = {45},
    journal = {Canadian Journal of Forest Research}
}

@article{kuglerova,
    author={Kuglerová,L. and Hasselquist,E. M. and Richardson,J. S. and Sponseller,R. A. and Kreutzweiser,D. P. and Laudon,H.},
    year={2017},
    title={Management perspectives on Aqua incognita: Connectivity and cumulative effects of small natural and artificial streams in boreal forests},
    journal={Hydrological Processes},
    volume={31},
    number={23},
    pages={4238-4244}
}

@article{benstead,
    author={Benstead,J. P. and Leigh,D. S.},
    year={2012},
    title={An expanded role for river networks},
    journal={Nature Geoscience},
    volume={5},
    number={10},
    pages={678-679}
}

@article{bishop,
    author={Wallin,M. B. and Löfgren,S. and Erlandsson,M. and Bishop,K.},
    year={2014},
    title={Representative regional sampling of carbon dioxide and methane concentrations in hemiboreal headwater streams reveal underestimates in less systematic approaches},
    journal={Global Biogeochemical Cycles},
    volume={28},
    number={4},
    pages={465-479}
}